@inproceedings{mapr,
title	= {MapReduce: Simplified Data Processing on Large Clusters},
author	= {Jeffrey Dean and Sanjay Ghemawat},
year	= {2004},
booktitle	= {OSDI'04: Sixth Symposium on Operating System Design and Implementation},
pages	= {137--150},
address	= {San Francisco, CA}
},
@misc{8350u,
author = {},
title = {Intel Core i5-8350U Processor (6M Cache, up to 3.60 GHz) Product Specifications},
howpublished = {\url{https://ark.intel.com/content/www/us/en/ark/products/124969/intel-core-i5-8350u-processor-6m-cache-up-to-3-60-ghz.html}},
month = {},
year = {},
note = {(Accessed on 15/03/2019)}
},
@misc{mrjob:online,
author = {},
title = {mrjob â€” mrjob v0.5.10 documentation},
howpublished = {\url{https://pythonhosted.org/mrjob/}},
month = {},
year = {},
note = {(Accessed on 13/04/2019)}
},
@misc{GitHubko90:online,
author = {},
title = {GitHub - kozyraki/phoenix: an API and runtime environment for data processing with MapReduce for shared-memory multi-core \& multiprocessor systems.},
howpublished = {\url{https://github.com/kozyraki/phoenix}},
month = {},
year = {},
note = {(Accessed on 13/04/2019)}
},
@misc{ApacheHa84:online,
author = {},
title = {Apache Hadoop},
howpublished = {\url{https://hadoop.apache.org/}},
month = {},
year = {},
note = {(Accessed on 13/04/2019)}
}